<record><leader>00000cas a22000007a 4500</leader><controlfield tag="001">11507243</controlfield><controlfield tag="008">841218d19181919nyuwr ne      0    0eng d</controlfield><datafield ind1=" " ind2=" " tag="010"><subfield code="a">sn 84031974 </subfield></datafield><datafield ind1=" " ind2=" " tag="040"><subfield code="a">NYG</subfield><subfield code="b">eng</subfield><subfield code="c">NYG</subfield><subfield code="d">NPX</subfield><subfield code="d">NYG</subfield><subfield code="d">NYS</subfield><subfield code="d">OCLCQ</subfield></datafield><datafield ind1=" " ind2=" " tag="042"><subfield code="a">msc</subfield></datafield><datafield ind1="0" ind2=" " tag="130"><subfield code="a">Union news (Union, N.Y. : 1918)</subfield></datafield><datafield ind1="1" ind2="4" tag="245"><subfield code="a">The Union news.</subfield></datafield><datafield ind1=" " ind2=" " tag="260"><subfield code="a">Union, N.Y. :</subfield><subfield code="b">Charles LeBaron Goeller,</subfield><subfield code="c">1918-1919.</subfield></datafield><datafield ind1=" " ind2=" " tag="300"><subfield code="a">v. :</subfield><subfield code="b">ill. ;</subfield><subfield code="c">54 cm.</subfield></datafield><datafield ind1=" " ind2=" " tag="310"><subfield code="a">Weekly</subfield></datafield><datafield ind1="0" ind2=" " tag="362"><subfield code="a">Vol. 66, no. 1 (Feb. 6, 1918)-v. 66, no. 52 (Jan. 29, 1919).</subfield></datafield><datafield ind1=" " ind2=" " tag="500"><subfield code="a">Published on Wednesday.</subfield></datafield><datafield ind1=" " ind2=" " tag="500"><subfield code="a">"An independent journal devoted to the best interests of humanity-the people's paper."</subfield></datafield><datafield ind1=" " ind2="4" tag="651"><subfield code="a">Union (N.Y.)</subfield><subfield code="v">Newspapers.</subfield></datafield><datafield ind1=" " ind2=" " tag="752"><subfield code="a">United States</subfield><subfield code="b">New York</subfield><subfield code="c">Broome</subfield><subfield code="d">Union.</subfield></datafield><datafield ind1="0" ind2="0" tag="780"><subfield code="t">Union-Endicott news</subfield><subfield code="w">(DLC)sn 84031975</subfield></datafield><datafield ind1="0" ind2="0" tag="785"><subfield code="t">News-dispatch (Union, N.Y. : 1919)</subfield><subfield code="w">(DLC)sn 84031973</subfield><subfield code="w">(OCoLC)11507346</subfield></datafield><datafield ind1="1" ind2=" " tag="029"><subfield code="a">AU@</subfield><subfield code="b">000020348825</subfield></datafield></record>